<?xml version="1.0" encoding="UTF-8"?><collection xmlns="http://www.loc.gov/MARC21/slim"><record><leader>00489nam--2200133-i-4500</leader><controlfield tag="001">000027138</controlfield><controlfield tag="002">20161230</controlfield><controlfield tag="005">20161230201036</controlfield><controlfield tag="008">060222s1000------------r-----000-0-eng-d</controlfield><datafield ind1=" " ind2=" " tag="080"><subfield code="a">541.13</subfield></datafield><datafield ind1=" " ind2=" " tag="245"><subfield code="a">Introduction aux methodes electrochimiques. recueil de travaux des sessions de perfectionnement. institut national de sciences appliquees, lyon</subfield></datafield><datafield ind1=" " ind2=" " tag="260"><subfield code="a">Paris, Massson Et C-ie, 1967, 357p</subfield></datafield><datafield ind1=" " ind2=" " tag="490"><subfield code="a">Monographies Deu Centre D`Actualisattion Scientifrique Et Technique</subfield></datafield><datafield ind1=" " ind2=" " tag="852"><subfield code="a">28713</subfield></datafield></record></collection>